<?xml version="1.0" encoding="UTF-8"?><collection xmlns="http://www.loc.gov/MARC21/slim"><record><leader>00471nam--2200181-i-4500</leader><controlfield tag="001">000028316</controlfield><controlfield tag="002">20161230</controlfield><controlfield tag="005">20161230201037</controlfield><controlfield tag="008">060222s1000------------r-----000-0-rus-d</controlfield><datafield ind1=" " ind2=" " tag="040"><subfield code="a">IFIN-HH</subfield></datafield><datafield ind1=" " ind2=" " tag="041"><subfield code="a">rus</subfield></datafield><datafield ind1=" " ind2=" " tag="080"><subfield code="a">53(075.5)</subfield></datafield><datafield ind1="1" ind2=" " tag="100"><subfield code="a">Iveronova, V.I</subfield></datafield><datafield ind1="1" ind2="0" tag="245"><subfield code="a">Lucrari practice de fizica. traducere din limba rusa</subfield><subfield code="c">V.i. iveronova</subfield></datafield><datafield ind1=" " ind2=" " tag="260"><subfield code="a">Bucuresti</subfield><subfield code="b">Editura Tehnica</subfield><subfield code="c">1953</subfield></datafield><datafield ind1=" " ind2=" " tag="300"><subfield code="a">546P</subfield></datafield><datafield ind1=" " ind2=" " tag="852"><subfield code="a">3181</subfield><subfield code="c">53.08</subfield></datafield><datafield ind1=" " ind2=" " tag="CAT"><subfield code="a">Sys</subfield><subfield code="c">20151026</subfield><subfield code="h">103459</subfield></datafield></record></collection>